<!DOCTYPE html>
<meta charset="utf-8" />
<!-- version 1 -->
<title>[Gen 2] Custom Game replay: box_of_joe vs. rraf13</title>
<style>
html,body {font-family:Verdana, sans-serif;font-size:10pt;margin:0;padding:0;}body{padding:12px 0;} .battle-log {font-family:Verdana, sans-serif;font-size:10pt;} .battle-log-inline {border:1px solid #AAAAAA;background:#EEF2F5;color:black;max-width:640px;margin:0 auto 80px;padding-bottom:5px;} .battle-log .inner {padding:4px 8px 0px 8px;} .battle-log .inner-preempt {padding:0 8px 4px 8px;} .battle-log .inner-after {margin-top:0.5em;} .battle-log h2 {margin:0.5em -8px;padding:4px 8px;border:1px solid #AAAAAA;background:#E0E7EA;border-left:0;border-right:0;font-family:Verdana, sans-serif;font-size:13pt;} .battle-log .chat {vertical-align:middle;padding:3px 0 3px 0;font-size:8pt;} .battle-log .chat strong {color:#40576A;} .battle-log .chat em {padding:1px 4px 1px 3px;color:#000000;font-style:normal;} .chat.mine {background:rgba(0,0,0,0.05);margin-left:-8px;margin-right:-8px;padding-left:8px;padding-right:8px;} .spoiler {color:#BBBBBB;background:#BBBBBB;padding:0px 3px;} .spoiler:hover, .spoiler:active, .spoiler-shown {color:#000000;background:#E2E2E2;padding:0px 3px;} .spoiler a {color:#BBBBBB;} .spoiler:hover a, .spoiler:active a, .spoiler-shown a {color:#2288CC;} .chat code, .chat .spoiler:hover code, .chat .spoiler:active code, .chat .spoiler-shown code {border:1px solid #C0C0C0;background:#EEEEEE;color:black;padding:0 2px;} .chat .spoiler code {border:1px solid #CCCCCC;background:#CCCCCC;color:#CCCCCC;} .battle-log .rated {padding:3px 4px;} .battle-log .rated strong {color:white;background:#89A;padding:1px 4px;border-radius:4px;} .spacer {margin-top:0.5em;} .message-announce {background:#6688AA;color:white;padding:1px 4px 2px;} .message-announce a, .broadcast-green a, .broadcast-blue a, .broadcast-red a {color:#DDEEFF;} .broadcast-green {background-color:#559955;color:white;padding:2px 4px;} .broadcast-blue {background-color:#6688AA;color:white;padding:2px 4px;} .infobox {border:1px solid #6688AA;padding:2px 4px;} .infobox-limited {max-height:200px;overflow:auto;overflow-x:hidden;} .broadcast-red {background-color:#AA5544;color:white;padding:2px 4px;} .message-learn-canlearn {font-weight:bold;color:#228822;text-decoration:underline;} .message-learn-cannotlearn {font-weight:bold;color:#CC2222;text-decoration:underline;} .message-effect-weak {font-weight:bold;color:#CC2222;} .message-effect-resist {font-weight:bold;color:#6688AA;} .message-effect-immune {font-weight:bold;color:#666666;} .message-learn-list {margin-top:0;margin-bottom:0;} .message-throttle-notice, .message-error {color:#992222;} .message-overflow, .chat small.message-overflow {font-size:0pt;} .message-overflow::before {font-size:9pt;content:'...';} .subtle {color:#3A4A66;}
</style>
<div class="wrapper replay-wrapper" style="max-width:1180px;margin:0 auto">
<input type="hidden" name="replayid" value="gen2customgame-1039308612" />
<div class="battle"></div><div class="battle-log"></div><div class="replay-controls"></div><div class="replay-controls-2"></div>
<h1 style="font-weight:normal;text-align:center"><strong>[Gen 2] Custom Game</strong><br /><a href="http://pokemonshowdown.com/users/boxofjoe" class="subtle" target="_blank">box_of_joe</a> vs. <a href="http://pokemonshowdown.com/users/rraf13" class="subtle" target="_blank">rraf13</a></h1>
<script type="text/plain" class="battle-log-data">|j|☆box_of_joe


|j|☆rraf13


|player|p1|box_of_joe|ethan|


|player|p2|rraf13|102|
|teamsize|p1|6
|teamsize|p2|6
|gametype|singles
|gen|2
|tier|[Gen 2] Custom Game
|rule|HP Percentage Mod: HP is shown in percentages
|
|start
|switch|p1a: Nidoking|Nidoking, L50, M|187\/187
|switch|p2a: Gengar|Gengar, L50, M|166\/166
|turn|1


|
|move|p2a: Gengar|Hypnosis|p1a: Nidoking|[miss]
|-miss|p2a: Gengar
|move|p1a: Nidoking|Body Slam|p2a: Gengar
|-immune|p2a: Gengar
|
|upkeep
|turn|2


|c|☆rraf13|irrrrrrraaaaaaaaaaaaaaaa


|
|move|p2a: Gengar|Hypnosis|p1a: Nidoking
|-status|p1a: Nidoking|slp|[from] move: Hypnosis
|cant|p1a: Nidoking|slp
|
|upkeep
|turn|3


|c|☆rraf13|iiiirrrrrrrruuuuuuuuuuuuuuuuuuuuuuuuuuuuuuuuuuuuuuuuuuuuuuuuuu


|
|switch|p1a: Alakazam|Alakazam, L50, M|161\/161
|move|p2a: Gengar|Dream Eater|p1a: Alakazam
|-immune|p2a: Gengar
|
|upkeep
|turn|4


|
|move|p1a: Alakazam|Psychic|p2a: Gengar
|-supereffective|p2a: Gengar
|-damage|p2a: Gengar|8\/166
|move|p2a: Gengar|Hypnosis|p1a: Alakazam|[miss]
|-miss|p2a: Gengar
|
|upkeep
|turn|5


|
|move|p1a: Alakazam|Psychic|p2a: Gengar
|-supereffective|p2a: Gengar
|-damage|p2a: Gengar|0 fnt
|faint|p2a: Gengar


|
|switch|p2a: Nidoqueen|Nidoqueen, L50, F|196\/196
|
|upkeep
|turn|6


|
|move|p1a: Alakazam|Psychic|p2a: Nidoqueen
|-supereffective|p2a: Nidoqueen
|-damage|p2a: Nidoqueen|46\/196
|move|p2a: Nidoqueen|Double-Edge|p1a: Alakazam
|-damage|p1a: Alakazam|94\/161
|-damage|p2a: Nidoqueen|30\/196|[from] Recoil|[of] p1a: Alakazam
|
|upkeep
|turn|7


|
|switch|p2a: Gyarados|Gyarados, L50, M|201\/201
|move|p1a: Alakazam|Confusion|p2a: Gyarados
|-damage|p2a: Gyarados|164\/201
|
|upkeep
|turn|8


|
|switch|p1a: Raichu|Raichu, L50, M|166\/166
|move|p2a: Gyarados|Surf|p1a: Raichu
|-damage|p1a: Raichu|118\/166
|
|upkeep
|turn|9


|
|move|p1a: Raichu|Thunder Punch|p2a: Gyarados
|-supereffective|p2a: Gyarados
|-damage|p2a: Gyarados|0 fnt
|faint|p2a: Gyarados


|
|switch|p2a: Marowak|Marowak, L50, F|166\/166
|
|upkeep
|turn|10


|
|switch|p1a: Nidoking|Nidoking, L50, M|187\/187 slp
|move|p2a: Marowak|Earthquake|p1a: Nidoking
|-supereffective|p1a: Nidoking
|-damage|p1a: Nidoking|66\/187 slp
|
|upkeep
|turn|11


|
|-curestatus|p1a: Nidoking|slp|[msg]
|move|p1a: Nidoking|Rock Slide|p2a: Marowak
|-resisted|p2a: Marowak
|-damage|p2a: Marowak|152\/166
|move|p2a: Marowak|Body Slam|p1a: Nidoking
|-damage|p1a: Nidoking|32\/187
|
|upkeep
|turn|12


|
|move|p1a: Nidoking|Rock Slide|p2a: Marowak
|-resisted|p2a: Marowak
|-damage|p2a: Marowak|139\/166
|cant|p2a: Marowak|flinch
|
|upkeep
|turn|13


|
|move|p1a: Nidoking|Earthquake|p2a: Marowak
|-damage|p2a: Marowak|79\/166
|move|p2a: Marowak|Ice Beam|p1a: Nidoking
|-supereffective|p1a: Nidoking
|-damage|p1a: Nidoking|0 fnt
|faint|p1a: Nidoking


|
|switch|p1a: Dewgong|Dewgong, L50, F|196\/196
|
|upkeep
|turn|14


|
|switch|p2a: Entei|Entei, L50|221\/221
|move|p1a: Dewgong|Ice Beam|p2a: Entei
|-resisted|p2a: Entei
|-damage|p2a: Entei|195\/221
|
|upkeep
|turn|15


|
|switch|p1a: Alakazam|Alakazam, L50, M|94\/161
|move|p2a: Entei|Flamethrower|p1a: Alakazam
|-damage|p1a: Alakazam|27\/161
|
|upkeep
|turn|16


|
|move|p1a: Alakazam|Recover|p1a: Alakazam
|-heal|p1a: Alakazam|108\/161
|move|p2a: Entei|Hyper Beam|p1a: Alakazam
|-damage|p1a: Alakazam|2\/161
|-mustrecharge|p2a: Entei
|
|upkeep
|turn|17


|
|move|p1a: Alakazam|Psychic|p2a: Entei
|-damage|p2a: Entei|108\/221
|cant|p2a: Entei|recharge
|
|upkeep
|turn|18


|
|move|p1a: Alakazam|Psychic|p2a: Entei
|-damage|p2a: Entei|32\/221
|move|p2a: Entei|Flamethrower|p1a: Alakazam
|-damage|p1a: Alakazam|0 fnt
|faint|p1a: Alakazam


|
|switch|p1a: Raichu|Raichu, L50, M|118\/166
|
|upkeep
|turn|19


|
|switch|p2a: Marowak|Marowak, L50, F|79\/166
|move|p1a: Raichu|Thunder Punch|p2a: Marowak
|-immune|p2a: Marowak
|
|upkeep
|turn|20


|
|switch|p1a: Dewgong|Dewgong, L50, F|196\/196
|move|p2a: Marowak|Earthquake|p1a: Dewgong
|-damage|p1a: Dewgong|135\/196
|
|upkeep
|turn|21


|
|move|p1a: Dewgong|Ice Beam|p2a: Marowak
|-supereffective|p2a: Marowak
|-damage|p2a: Marowak|0 fnt
|faint|p2a: Marowak


|
|switch|p2a: Entei|Entei, L50|32\/221
|
|upkeep
|turn|22


|
|move|p2a: Entei|Fire Blast|p1a: Dewgong|[miss]
|-miss|p2a: Entei
|move|p1a: Dewgong|Surf|p2a: Entei
|-supereffective|p2a: Entei
|-damage|p2a: Entei|0 fnt
|faint|p2a: Entei


|
|switch|p2a: Nidoqueen|Nidoqueen, L50, F|30\/196
|
|upkeep
|turn|23


|
|move|p2a: Nidoqueen|Fire Blast|p1a: Dewgong
|-damage|p1a: Dewgong|91\/196
|move|p1a: Dewgong|Waterfall|p2a: Nidoqueen
|-supereffective|p2a: Nidoqueen
|-damage|p2a: Nidoqueen|0 fnt
|faint|p2a: Nidoqueen


|
|switch|p2a: Venusaur|Venusaur, L50, M|186\/186
|
|upkeep
|turn|24


|
|move|p2a: Venusaur|Solar Beam||[still]
|-prepare|p2a: Venusaur|Solar Beam|p1a: Dewgong
|move|p1a: Dewgong|Ice Beam|p2a: Venusaur
|-supereffective|p2a: Venusaur
|-damage|p2a: Venusaur|92\/186
|
|upkeep
|turn|25


|
|move|p2a: Venusaur|Solar Beam|p1a: Dewgong
|-supereffective|p1a: Dewgong
|-damage|p1a: Dewgong|0 fnt
|faint|p1a: Dewgong


|
|switch|p1a: Jynx|Jynx, L50, F|171\/171
|
|upkeep
|turn|26


|
|move|p1a: Jynx|Ice Beam|p2a: Venusaur
|-supereffective|p2a: Venusaur
|-damage|p2a: Venusaur|0 fnt
|faint|p2a: Venusaur
|
|win|box_of_joe
</script>
</div>
<div class="battle-log battle-log-inline"><div class="inner"><div class="battle-options"><div style="padding-top: 3px; padding-right: 3px; text-align: right"><button class="icon button" name="openBattleOptions" title="Options">Battle Options</button></div></div><div class="inner"><div class="chat"><small>☆box_of_joe joined.</small></div><div class="chat"><small>☆rraf13 joined.</small></div><div class=""><small>Format:</small> <br><strong>[Gen 2] Custom Game</strong></div><div class=""><small><em>HP Percentage Mod:</em> HP is shown in percentages</small></div><div class="spacer battle-history"><br></div><div class="battle-history">Battle started between box_of_joe and rraf13!<br></div><div class="spacer battle-history"><br></div><div class="battle-history">Go! <strong>Nidoking</strong>!<br></div><div class="spacer battle-history"><br></div><div class="battle-history">rraf13 sent out <strong>Gengar</strong>!<br></div><div class="spacer battle-history"><br></div><h2 class="battle-history">Turn 1</h2><div class="spacer battle-history"><br></div><div class="battle-history">The opposing Gengar used <strong>Hypnosis</strong>!<br></div><div class="battle-history"><small>The opposing Gengar's attack missed!</small><br></div><div class="spacer battle-history"><br></div><div class="battle-history">Nidoking used <strong>Body Slam</strong>!<br></div><div class="battle-history"><small>It doesn't affect the opposing Gengar...</small><br></div><div class="spacer battle-history"><br></div><h2 class="battle-history">Turn 2</h2><div class="chat chatmessage-rraf13"><strong style="color:#bd2e37"><small>☆</small><span class="username" data-name="rraf13">rraf13</span>:</strong> <em>irrrrrrraaaaaaaaaaaaaaaa</em></div><div class="spacer battle-history"><br></div><div class="battle-history">The opposing Gengar used <strong>Hypnosis</strong>!<br></div><div class="battle-history"><small>Nidoking fell asleep!</small><br></div><div class="spacer battle-history"><br></div><div class="battle-history">Nidoking is fast asleep.<br></div><div class="spacer battle-history"><br></div><h2 class="battle-history">Turn 3</h2><div class="chat chatmessage-rraf13"><strong style="color:#bd2e37"><small>☆</small><span class="username" data-name="rraf13">rraf13</span>:</strong> <em>iiiirrrrrrrruuuuuuuuuuuuuuuuuuuuuuuuuuuuuuuuuuuuuuuuuuuuuuuuuu</em></div><div class="spacer battle-history"><br></div><div class="battle-history">Nidoking, come back!<br></div><div class="battle-history">Go! <strong>Alakazam</strong>!<br></div><div class="spacer battle-history"><br></div><div class="battle-history">The opposing Gengar used <strong>Dream Eater</strong>!<br></div><div class="battle-history"><small>It doesn't affect the opposing Gengar...</small><br></div><div class="spacer battle-history"><br></div><h2 class="battle-history">Turn 4</h2><div class="spacer battle-history"><br></div><div class="battle-history">Alakazam used <strong>Psychic</strong>!<br></div><div class="battle-history"><small>It's super effective!</small><br></div><div class="battle-history"><small>(The opposing Gengar lost <abbr title="−158/166">95.2%</abbr> of its health!)</small><br></div><div class="spacer battle-history"><br></div><div class="battle-history">The opposing Gengar used <strong>Hypnosis</strong>!<br></div><div class="battle-history"><small>The opposing Gengar's attack missed!</small><br></div><div class="spacer battle-history"><br></div><h2 class="battle-history">Turn 5</h2><div class="spacer battle-history"><br></div><div class="battle-history">Alakazam used <strong>Psychic</strong>!<br></div><div class="battle-history"><small>It's super effective!</small><br></div><div class="battle-history"><small>(The opposing Gengar lost <abbr title="−8/166">4.8%</abbr> of its health!)</small><br></div><div class="spacer battle-history"><br></div><div class="battle-history">The opposing Gengar fainted!<br></div><div class="spacer battle-history"><br></div><div class="battle-history">rraf13 sent out <strong>Nidoqueen</strong>!<br></div><div class="spacer battle-history"><br></div><h2 class="battle-history">Turn 6</h2><div class="spacer battle-history"><br></div><div class="battle-history">Alakazam used <strong>Psychic</strong>!<br></div><div class="battle-history"><small>It's super effective!</small><br></div><div class="battle-history"><small>(The opposing Nidoqueen lost <abbr title="−150/196">76.5%</abbr> of its health!)</small><br></div><div class="spacer battle-history"><br></div><div class="battle-history">The opposing Nidoqueen used <strong>Double-Edge</strong>!<br></div><div class="battle-history"><small>(Alakazam lost <abbr title="−67/161">41.6%</abbr> of its health!)</small><br></div><div class="battle-history"><small>The opposing Nidoqueen was damaged by the recoil!</small><br></div><div class="spacer battle-history"><br></div><h2 class="battle-history">Turn 7</h2><div class="spacer battle-history"><br></div><div class="battle-history">rraf13 withdrew Nidoqueen!<br></div><div class="battle-history">rraf13 sent out <strong>Gyarados</strong>!<br></div><div class="spacer battle-history"><br></div><div class="battle-history">Alakazam used <strong>Confusion</strong>!<br></div><div class="battle-history"><small>(The opposing Gyarados lost <abbr title="−37/201">18.4%</abbr> of its health!)</small><br></div><div class="spacer battle-history"><br></div><h2 class="battle-history">Turn 8</h2><div class="spacer battle-history"><br></div><div class="battle-history">Alakazam, come back!<br></div><div class="battle-history">Go! <strong>Raichu</strong>!<br></div><div class="spacer battle-history"><br></div><div class="battle-history">The opposing Gyarados used <strong>Surf</strong>!<br></div><div class="battle-history"><small>(Raichu lost <abbr title="−48/166">28.9%</abbr> of its health!)</small><br></div><div class="spacer battle-history"><br></div><h2 class="battle-history">Turn 9</h2><div class="spacer battle-history"><br></div><div class="battle-history">Raichu used <strong>Thunder Punch</strong>!<br></div><div class="battle-history"><small>It's super effective!</small><br></div><div class="battle-history"><small>(The opposing Gyarados lost <abbr title="−164/201">81.6%</abbr> of its health!)</small><br></div><div class="spacer battle-history"><br></div><div class="battle-history">The opposing Gyarados fainted!<br></div><div class="spacer battle-history"><br></div><div class="battle-history">rraf13 sent out <strong>Marowak</strong>!<br></div><div class="spacer battle-history"><br></div><h2 class="battle-history">Turn 10</h2><div class="spacer battle-history"><br></div><div class="battle-history">Raichu, come back!<br></div><div class="battle-history">Go! <strong>Nidoking</strong>!<br></div><div class="spacer battle-history"><br></div><div class="battle-history">The opposing Marowak used <strong>Earthquake</strong>!<br></div><div class="battle-history"><small>It's super effective!</small><br></div><div class="battle-history"><small>(Nidoking lost <abbr title="−121/187">64.7%</abbr> of its health!)</small><br></div><div class="spacer battle-history"><br></div><h2 class="battle-history">Turn 11</h2><div class="spacer battle-history"><br></div><div class="battle-history"><small>Nidoking woke up!</small><br></div><div class="spacer battle-history"><br></div><div class="battle-history">Nidoking used <strong>Rock Slide</strong>!<br></div><div class="battle-history"><small>It's not very effective...</small><br></div><div class="battle-history"><small>(The opposing Marowak lost <abbr title="−14/166">8.4%</abbr> of its health!)</small><br></div><div class="spacer battle-history"><br></div><div class="battle-history">The opposing Marowak used <strong>Body Slam</strong>!<br></div><div class="battle-history"><small>(Nidoking lost <abbr title="−34/187">18.2%</abbr> of its health!)</small><br></div><div class="spacer battle-history"><br></div><h2 class="battle-history">Turn 12</h2><div class="spacer battle-history"><br></div><div class="battle-history">Nidoking used <strong>Rock Slide</strong>!<br></div><div class="battle-history"><small>It's not very effective...</small><br></div><div class="battle-history"><small>(The opposing Marowak lost <abbr title="−13/166">7.8%</abbr> of its health!)</small><br></div><div class="spacer battle-history"><br></div><div class="battle-history">The opposing Marowak flinched and couldn't move!<br></div><div class="spacer battle-history"><br></div><h2 class="battle-history">Turn 13</h2><div class="spacer battle-history"><br></div><div class="battle-history">Nidoking used <strong>Earthquake</strong>!<br></div><div class="battle-history"><small>(The opposing Marowak lost <abbr title="−60/166">36.1%</abbr> of its health!)</small><br></div><div class="spacer battle-history"><br></div><div class="battle-history">The opposing Marowak used <strong>Ice Beam</strong>!<br></div><div class="battle-history"><small>It's super effective!</small><br></div><div class="battle-history"><small>(Nidoking lost <abbr title="−32/187">17.1%</abbr> of its health!)</small><br></div><div class="spacer battle-history"><br></div><div class="battle-history">Nidoking fainted!<br></div><div class="spacer battle-history"><br></div><div class="battle-history">Go! <strong>Dewgong</strong>!<br></div><div class="spacer battle-history"><br></div><h2 class="battle-history">Turn 14</h2><div class="spacer battle-history"><br></div><div class="battle-history">rraf13 withdrew Marowak!<br></div><div class="battle-history">rraf13 sent out <strong>Entei</strong>!<br></div><div class="spacer battle-history"><br></div><div class="battle-history">Dewgong used <strong>Ice Beam</strong>!<br></div><div class="battle-history"><small>It's not very effective...</small><br></div><div class="battle-history"><small>(The opposing Entei lost <abbr title="−26/221">11.8%</abbr> of its health!)</small><br></div><div class="spacer battle-history"><br></div><h2 class="battle-history">Turn 15</h2><div class="spacer battle-history"><br></div><div class="battle-history">Dewgong, come back!<br></div><div class="battle-history">Go! <strong>Alakazam</strong>!<br></div><div class="spacer battle-history"><br></div><div class="battle-history">The opposing Entei used <strong>Flamethrower</strong>!<br></div><div class="battle-history"><small>(Alakazam lost <abbr title="−67/161">41.6%</abbr> of its health!)</small><br></div><div class="spacer battle-history"><br></div><h2 class="battle-history">Turn 16</h2><div class="spacer battle-history"><br></div><div class="battle-history">Alakazam used <strong>Recover</strong>!<br></div><div class="battle-history"><small>Alakazam had its HP restored.</small><br></div><div class="spacer battle-history"><br></div><div class="battle-history">The opposing Entei used <strong>Hyper Beam</strong>!<br></div><div class="battle-history"><small>(Alakazam lost <abbr title="−106/161">65.8%</abbr> of its health!)</small><br></div><div class="spacer battle-history"><br></div><h2 class="battle-history">Turn 17</h2><div class="spacer battle-history"><br></div><div class="battle-history">Alakazam used <strong>Psychic</strong>!<br></div><div class="battle-history"><small>(The opposing Entei lost <abbr title="−87/221">39.4%</abbr> of its health!)</small><br></div><div class="spacer battle-history"><br></div><div class="battle-history">The opposing Entei must recharge!<br></div><div class="spacer battle-history"><br></div><h2 class="battle-history">Turn 18</h2><div class="spacer battle-history"><br></div><div class="battle-history">Alakazam used <strong>Psychic</strong>!<br></div><div class="battle-history"><small>(The opposing Entei lost <abbr title="−76/221">34.4%</abbr> of its health!)</small><br></div><div class="spacer battle-history"><br></div><div class="battle-history">The opposing Entei used <strong>Flamethrower</strong>!<br></div><div class="battle-history"><small>(Alakazam lost <abbr title="−2/161">1.2%</abbr> of its health!)</small><br></div><div class="spacer battle-history"><br></div><div class="battle-history">Alakazam fainted!<br></div><div class="spacer battle-history"><br></div><div class="battle-history">Go! <strong>Raichu</strong>!<br></div><div class="spacer battle-history"><br></div><h2 class="battle-history">Turn 19</h2><div class="spacer battle-history"><br></div><div class="battle-history">rraf13 withdrew Entei!<br></div><div class="battle-history">rraf13 sent out <strong>Marowak</strong>!<br></div><div class="spacer battle-history"><br></div><div class="battle-history">Raichu used <strong>Thunder Punch</strong>!<br></div><div class="battle-history"><small>It doesn't affect the opposing Marowak...</small><br></div><div class="spacer battle-history"><br></div><h2 class="battle-history">Turn 20</h2><div class="spacer battle-history"><br></div><div class="battle-history">Raichu, come back!<br></div><div class="battle-history">Go! <strong>Dewgong</strong>!<br></div><div class="spacer battle-history"><br></div><div class="battle-history">The opposing Marowak used <strong>Earthquake</strong>!<br></div><div class="battle-history"><small>(Dewgong lost <abbr title="−61/196">31.1%</abbr> of its health!)</small><br></div><div class="spacer battle-history"><br></div><h2 class="battle-history">Turn 21</h2><div class="spacer battle-history"><br></div><div class="battle-history">Dewgong used <strong>Ice Beam</strong>!<br></div><div class="battle-history"><small>It's super effective!</small><br></div><div class="battle-history"><small>(The opposing Marowak lost <abbr title="−79/166">47.6%</abbr> of its health!)</small><br></div><div class="spacer battle-history"><br></div><div class="battle-history">The opposing Marowak fainted!<br></div><div class="spacer battle-history"><br></div><div class="battle-history">rraf13 sent out <strong>Entei</strong>!<br></div><div class="spacer battle-history"><br></div><h2 class="battle-history">Turn 22</h2><div class="spacer battle-history"><br></div><div class="battle-history">The opposing Entei used <strong>Fire Blast</strong>!<br></div><div class="battle-history"><small>The opposing Entei's attack missed!</small><br></div><div class="spacer battle-history"><br></div><div class="battle-history">Dewgong used <strong>Surf</strong>!<br></div><div class="battle-history"><small>It's super effective!</small><br></div><div class="battle-history"><small>(The opposing Entei lost <abbr title="−32/221">14.5%</abbr> of its health!)</small><br></div><div class="spacer battle-history"><br></div><div class="battle-history">The opposing Entei fainted!<br></div><div class="spacer battle-history"><br></div><div class="battle-history">rraf13 sent out <strong>Nidoqueen</strong>!<br></div><div class="spacer battle-history"><br></div><h2 class="battle-history">Turn 23</h2><div class="spacer battle-history"><br></div><div class="battle-history">The opposing Nidoqueen used <strong>Fire Blast</strong>!<br></div><div class="battle-history"><small>(Dewgong lost <abbr title="−44/196">22.4%</abbr> of its health!)</small><br></div><div class="spacer battle-history"><br></div><div class="battle-history">Dewgong used <strong>Waterfall</strong>!<br></div><div class="battle-history"><small>It's super effective!</small><br></div><div class="battle-history"><small>(The opposing Nidoqueen lost <abbr title="−30/196">15.3%</abbr> of its health!)</small><br></div><div class="spacer battle-history"><br></div><div class="battle-history">The opposing Nidoqueen fainted!<br></div><div class="spacer battle-history"><br></div><div class="battle-history">rraf13 sent out <strong>Venusaur</strong>!<br></div><div class="spacer battle-history"><br></div><h2 class="battle-history">Turn 24</h2><div class="spacer battle-history"><br></div><div class="battle-history">The opposing Venusaur used <strong>Solar Beam</strong>!<br></div><div class="battle-history"><small>The opposing Venusaur absorbed light!</small><br></div><div class="spacer battle-history"><br></div><div class="battle-history">Dewgong used <strong>Ice Beam</strong>!<br></div><div class="battle-history"><small>It's super effective!</small><br></div><div class="battle-history"><small>(The opposing Venusaur lost <abbr title="−94/186">50.5%</abbr> of its health!)</small><br></div><div class="spacer battle-history"><br></div><h2 class="battle-history">Turn 25</h2><div class="spacer battle-history"><br></div><div class="battle-history">The opposing Venusaur used <strong>Solar Beam</strong>!<br></div><div class="battle-history"><small>It's super effective!</small><br></div><div class="battle-history"><small>(Dewgong lost <abbr title="−91/196">46.4%</abbr> of its health!)</small><br></div><div class="spacer battle-history"><br></div><div class="battle-history">Dewgong fainted!<br></div><div class="spacer battle-history"><br></div><div class="battle-history">Go! <strong>Jynx</strong>!<br></div><div class="spacer battle-history"><br></div><h2 class="battle-history">Turn 26</h2><div class="spacer battle-history"><br></div><div class="battle-history">Jynx used <strong>Ice Beam</strong>!<br></div><div class="battle-history"><small>It's super effective!</small><br></div><div class="battle-history"><small>(The opposing Venusaur lost <abbr title="−92/186">49.5%</abbr> of its health!)</small><br></div><div class="spacer battle-history"><br></div><div class="battle-history">The opposing Venusaur fainted!<br></div><div class="spacer battle-history"><br></div><div class="battle-history"><strong>box_of_joe</strong> won the battle!<br></div></div><div class="inner-preempt"></div></div></div>
</div>
<script>
let daily = Math.floor(Date.now()/1000/60/60/24);document.write('<script src="https://play.pokemonshowdown.com/js/replay-embed.js?version'+daily+'"></'+'script>');
</script>
